

@book{vis:pca,
  title={Principal components analysis},
  author={Dunteman, George H},
  number={69},
  year={1989},
  publisher={Sage}
}

@article{vis:tsne,
  author  = {Laurens van der Maaten and Geoffrey Hinton},
  title   = {Visualizing Data using t-SNE},
  journal = {Journal of Machine Learning Research},
  year    = {2008},
  volume  = {9},
  number  = {86},
  pages   = {2579-2605},
  url     = {http://jmlr.org/papers/v9/vandermaaten08a.html}
}


@article{vis:tsne-analysis,
  author = {Wattenberg, Martin and Vi√©gas, Fernanda and Johnson, Ian},
  title = {How to Use t-SNE Effectively},
  journal = {Distill},
  year = {2016},
  url = {http://distill.pub/2016/misread-tsne},
  doi = {10.23915/distill.00002}
}

@misc{vis:barnes-hut-tsne,
      title={Barnes-Hut-SNE}, 
      author={Laurens van der Maaten},
      year={2013},
      eprint={1301.3342},
      archivePrefix={arXiv},
      primaryClass={cs.LG}
}

@ARTICLE{vis:repre-learning,
  author={Y. {Bengio} and A. {Courville} and P. {Vincent}},
  journal={IEEE Transactions on Pattern Analysis and Machine Intelligence}, 
  title={Representation Learning: A Review and New Perspectives}, 
  year={2013},
  volume={35},
  number={8},
  pages={1798-1828},
  doi={10.1109/TPAMI.2013.50}}
  
  
@article{vis:umap,
     author = {{McInnes}, L. and {Healy}, J. and {Melville}, J.},
     title = "{UMAP: Uniform Manifold Approximation
     and Projection for Dimension Reduction}",
     journal = {ArXiv e-prints},
     archivePrefix = "arXiv",
     eprint = {1802.03426},
     primaryClass = "stat.ML",
     keywords = {Statistics - Machine Learning,
                 Computer Science - Computational Geometry,
                 Computer Science - Learning},
     year = 2018,
     month = feb,
}

@article{vis:densMAP,
    author = {Narayan, Ashwin and Berger, Bonnie and Cho, Hyunghoon},
    title = {Density-Preserving Data Visualization Unveils Dynamic Patterns of Single-Cell Transcriptomic Variability},
    journal = {bioRxiv},
    year = {2020},
    doi = {10.1101/2020.05.12.077776},
    publisher = {Cold Spring Harbor Laboratory},
    URL = {https://www.biorxiv.org/content/early/2020/05/14/2020.05.12.077776},
    eprint = {https://www.biorxiv.org/content/early/2020/05/14/2020.05.12.077776.full.pdf},
}


@online{vis:fashion-mnist,
  author       = {Han Xiao and Kashif Rasul and Roland Vollgraf},
  title        = {Fashion-MNIST: a Novel Image Dataset for Benchmarking Machine Learning Algorithms},
  date         = {2017-08-28},
  year         = {2017},
  eprintclass  = {cs.LG},
  eprinttype   = {arXiv},
  eprint       = {cs.LG/1708.07747},
}

@Article{vis:paa,
    author={Keogh, Eamonn
    and Chakrabarti, Kaushik
    and Pazzani, Michael
    and Mehrotra, Sharad},
    title={Dimensionality Reduction for Fast Similarity Search in Large Time Series Databases},
    journal={Knowledge and Information Systems},
    year={2001},
    month={Aug},
    day={01},
    volume={3},
    number={3},
    pages={263-286},
    abstract={The problem of similarity search in large time series databases has attracted much attention recently. It is a non-trivial problem because of the inherent high dimensionality of the data. The most promising solutions involve first performing dimensionality reduction on the data, and then indexing the reduced data with a spatial access method. Three major dimensionality reduction techniques have been proposed: Singular Value Decomposition (SVD), the Discrete Fourier transform (DFT), and more recently the Discrete Wavelet Transform (DWT). In this work we introduce a new dimensionality reduction technique which we call Piecewise Aggregate Approximation (PAA). We theoretically and empirically compare it to the other techniques and demonstrate its superiority. In addition to being competitive with or faster than the other methods, our approach has numerous other advantages. It is simple to understand and to implement, it allows more flexible distance measures, including weighted Euclidean queries, and the index can be built in linear time.},
    issn={0219-1377},
    doi={10.1007/PL00011669},
    url={https://doi.org/10.1007/PL00011669}
}

@article{vis:sax,
  title={Experiencing SAX: a novel symbolic representation of time series},
  author={Lin, Jessica and Keogh, Eamonn and Wei, Li and Lonardi, Stefano},
  journal={Data Mining and knowledge discovery},
  volume={15},
  number={2},
  pages={107--144},
  year={2007},
  publisher={Springer}
}

@phdthesis{vis:lttb,
  title={Downsampling time series for visual representation},
  author={Steinarsson, Sveinn},
  year={2013}
}


@article{vis:vis-why-alg,
  title={Line generalisation by repeated elimination of points},
  author={Visvalingam, Maheswari and Whyatt, James D},
  journal={The cartographic journal},
  volume={30},
  number={1},
  pages={46--51},
  year={1993},
  publisher={Taylor \& Francis}
}



@online{vis:datashader,
    title = {Datashader: Accurately render even the largest data},
    author = {Continuum Analytics, Inc. and contributors},
    year = {2015},
    url = {https://datashader.org/index.html},
    urldate = {2020-12-17}
}


@Inbook{vis:kmeans,
    author="Jin, Xin
    and Han, Jiawei",
    editor="Sammut, Claude
    and Webb, Geoffrey I.",
    title="K-Means Clustering",
    bookTitle="Encyclopedia of Machine Learning",
    year="2010",
    publisher="Springer US",
    address="Boston, MA",
    pages="563--564",
    isbn="978-0-387-30164-8",
    doi="10.1007/978-0-387-30164-8_425",
    url="https://doi.org/10.1007/978-0-387-30164-8_425"
}

@Inbook{vis:agg-cluster,
author="Rokach, Lior
and Maimon, Oded",
editor="Maimon, Oded
and Rokach, Lior",
title="Clustering Methods",
bookTitle="Data Mining and Knowledge Discovery Handbook",
year="2005",
publisher="Springer US",
address="Boston, MA",
pages="321--352",
abstract="This chapter presents a tutorial overview of the main clustering methods used in Data Mining. The goal is to provide a self-contained review of the concepts and the mathematics underlying clustering techniques. The chapter begins by providing measures and criteria that are used for determining whether two objects are similar or dissimilar. Then the clustering methods are presented, divided into: hierarchical, partitioning, density-based, model-based, grid-based, and soft-computing methods. Following the methods, the challenges of performing clustering in large data sets are discussed. Finally, the chapter presents how to determine the number of clusters.",
isbn="978-0-387-25465-4",
doi="10.1007/0-387-25465-X_15",
url="https://doi.org/10.1007/0-387-25465-X_15"
}


@article{vis:affini,
  title={Clustering by passing messages between data points},
  author={Frey, Brendan J and Dueck, Delbert},
  journal={science},
  volume={315},
  number={5814},
  pages={972--976},
  year={2007},
  publisher={American Association for the Advancement of Science}
}

@article{vis:spectral,
  title={On spectral clustering: Analysis and an algorithm},
  author={Ng, Andrew and Jordan, Michael and Weiss, Yair},
  journal={Advances in neural information processing systems},
  volume={14},
  pages={849--856},
  year={2001}
}

@inproceedings{vis:dbscan,
  title={A density-based algorithm for discovering clusters in large spatial databases with noise.},
  author={Ester, Martin and Kriegel, Hans-Peter and Sander, J{\"o}rg and Xu, Xiaowei and others},
  booktitle={Kdd},
  volume={96},
  number={34},
  pages={226--231},
  year={1996}
}

@article{vis:optics,
  title={OPTICS: Ordering points to identify the clustering structure},
  author={Ankerst, Mihael and Breunig, Markus M and Kriegel, Hans-Peter and Sander, J{\"o}rg},
  journal={ACM Sigmod record},
  volume={28},
  number={2},
  pages={49--60},
  year={1999},
  publisher={ACM New York, NY, USA}
}

@article{vis:birch,
  title={BIRCH: an efficient data clustering method for very large databases},
  author={Zhang, Tian and Ramakrishnan, Raghu and Livny, Miron},
  journal={ACM sigmod record},
  volume={25},
  number={2},
  pages={103--114},
  year={1996},
  publisher={ACM New York, NY, USA}
}

@InProceedings{vis:hdbscan,
    author="Campello, Ricardo J. G. B.
    and Moulavi, Davoud
    and Sander, Joerg",
    editor="Pei, Jian
    and Tseng, Vincent S.
    and Cao, Longbing
    and Motoda, Hiroshi
    and Xu, Guandong",
    title="Density-Based Clustering Based on Hierarchical Density Estimates",
    booktitle="Advances in Knowledge Discovery and Data Mining",
    year="2013",
    publisher="Springer Berlin Heidelberg",
    address="Berlin, Heidelberg",
    pages="160--172",
    abstract="We propose a theoretically and practically improved density-based, hierarchical clustering method, providing a clustering hierarchy from which a simplified tree of significant clusters can be constructed. For obtaining a ``flat'' partition consisting of only the most significant clusters (possibly corresponding to different density thresholds), we propose a novel cluster stability measure, formalize the problem of maximizing the overall stability of selected clusters, and formulate an algorithm that computes an optimal solution to this problem. We demonstrate that our approach outperforms the current, state-of-the-art, density-based clustering methods on a wide variety of real world data.",
    isbn="978-3-642-37456-2"
}


@article{vis:hdbscan-imp,
  title={hdbscan: Hierarchical density based clustering},
  author={McInnes, Leland and Healy, John and Astels, Steve},
  journal={Journal of Open Source Software},
  volume={2},
  number={11},
  pages={205},
  year={2017}
}


@Inbook{vis:mean-shift,
author="Jin, Xin
and Han, Jiawei",
editor="Sammut, Claude
and Webb, Geoffrey I.",
title="Mean Shift",
bookTitle="Encyclopedia of Machine Learning",
year="2010",
publisher="Springer US",
address="Boston, MA",
pages="652--653",
isbn="978-0-387-30164-8",
doi="10.1007/978-0-387-30164-8_527",
url="https://doi.org/10.1007/978-0-387-30164-8_527"
}

@Inbook{vis:gauss-mixt,
author="Baxter, Rohan A.",
editor="Sammut, Claude
and Webb, Geoffrey I.",
title="Mixture Model",
bookTitle="Encyclopedia of Machine Learning",
year="2010",
publisher="Springer US",
address="Boston, MA",
pages="680--682",
isbn="978-0-387-30164-8",
doi="10.1007/978-0-387-30164-8_547",
url="https://doi.org/10.1007/978-0-387-30164-8_547"
}


@inproceedings{vis:isoforest,
  title={Isolation forest},
  author={Liu, Fei Tony and Ting, Kai Ming and Zhou, Zhi-Hua},
  booktitle={2008 eighth ieee international conference on data mining},
  pages={413--422},
  year={2008},
  organization={IEEE}
}
